% Referencia en https://en.wikibooks.org/wiki/LaTeX/Bibliography_Management

@book{monitoreo:art_of_monitoring,
  author    = {Turnbull, James},
  title     = {The Art of Monitoring},
  year      = {2016},
  edition   = {pdf},
  ISBN      = {978-0-988820-24-1},
  pages     = {765},
  publisher = {James Turnbull}
}

@book{monitoreo:monitoring_with_grapfite,
  author    = {Jason Dixon},
  title     = {Monitoring with Graphite},
  year      = {2015},
  edition   = {},
  ISBN      = {978-1-4919-1643-8, 1-4919-1643-5},
  pages     = {292},
  publisher = {O'Reilly Media}
}

@book{monitoreo:efective_monitoring_and_alerting,
  author    = {Slawek Ligus},
  title     = {Effective Monitoring and Alerting},
  year      = {2012},
  edition   = {},
  ISBN      = {978-1-4493-3352-2, 1-4493-3352-4},
  pages     = {166},
  publisher = {O'Reilly Media}
}

@book{monitoreo:logging_and_log_management,
  author    = {Anton A. Chuvakin, Kevin J. Schmidt},
  title     =
    {Logging and log management: The authoritative guide to understanding the
    concepts surrounding logging and log management},
  year      = {2012},
  edition   = {1},
  ISBN      = {978-1-5974-9635-3, 1-5974-9635-9},
  publisher = {Syngress},
}

@book{lean:the_lean_startup,
  author    = {Eric Ries},
  title     =
    {The Lean Startup: How Today's Entrepreneurs Use Continuous Innovation to
    Create Radically Successful Businesses},
  year      = {2011},
  edition   = {},
  ISBN      = {978-0-3078-8789-4, 0-3078-8789-8},
  publisher = {Crown Business}
}

@techreport{monitoreo:log_management_guide,
  author      = {Karen Kent, Murugiah Souppaya},
  title       = {Guide to Computer Security Log Management},
  institution = {National Institute of Standards and Technology},
  year        = {2006},
}

@book{monitoreo:anomaly_detection_for_monitoring,
  author    = {Preetam Jinka, Baron Schwartz},
  title     = {Anomaly Detection for Monitoring},
  year      = {2015},
  edition   = {1},
  ISBN      = {978-1-491-94252-9},
  publisher = {O'Reilly Media}
}

@misc{ruby,
  author = {Ruby},
  title  = {Acerca de Ruby},
  note   = {\url{https://www.ruby-lang.org/es/about/}. Visitado en 05/01/2017}
}

@misc{ror,
  author = {Ruby On Rails},
  title  =
    {A web-application framework that includes everything needed to create
    database-backed web applications according to the Model-View-Controller
    (MVC) pattern},
  note   = {\url{http://rubyonrails.org/}. Visitado 05/01/2017}
}

@misc{docker,
  author = {Docker},
  title  = {What is Docker?},
  note   = {\url{https://www.docker.com/what-docker}. Visitado en 05/11/2016}
}

@misc{compose,
  author = {Docker},
  title  = {Overview of Docker Compose - Docker Documentation},
  note   = {\url{https://docs.docker.com/compose/}. Visitado en 08/11/2016}
}

@misc{rancher,
  author = {Rancher},
  title  = {Build your own Private Container Service},
  note   = {\url{http://rancher.com/}. Visitado en 10/11/2016}
}

@misc{prometheus,
  author = {Prometheus},
  title  = {Overview | Prometheus},
  note   = {\url{https://prometheus.io/docs/introduction/overview/}. Visitado en 04/11/2016}
}

@misc{newrelic,
  author = {New Relic},
  title  = {New Relic APM | New Relic Documentation},
  note   = {\url{https://docs.newrelic.com/docs/apm/new-relic-apm}. Visitado en 21/02/2017}
}

@misc{analytics,
  author = {Google},
  title  = {Sitio web oficial de Google Analytics: Anal√≠tica web e informes},
  note   = {\url{https://www.google.com.ar/intl/es_ALL/analytics/index.html}. Visitado en 14/03/2017}
}

@misc{piwik,
  author = {Piwik},
  title  = {What is Piwik? - Analytics Platform},
  note   = {\url{https://piwik.org/what-is-piwik/}. Visitado en 15/03/2017}
}

@misc{datadog,
  author = {Datadog},
  title  = {Infrastructure and Application Monitoring as a Service},
  note   = {\url{https://www.datadoghq.com/product/}. Visitado en 20/03/2017}
}

@misc{riemann,
  author = {Riemann},
  title  = {Core Concepts},
  note   = {\url{http://riemann.io/concepts.html}. Visitado en 01/12/2016}
}

@misc{influxdb,
  author = {InfluxDB},
  title  = {Scalable datastore for metrics, events, and real-time analytics},
  note   = {\url{https://github.com/influxdata/influxdb}. Visitado en 10/12/2016}
}

@misc{opentsdb,
  author = {OpenTSDB},
  title  = {A Distributed, Scalable Monitoring System},
  note   = {\url{http://opentsdb.net/overview.html}. Visitado en 20/03/2017}
}
